<mx:record xmlns="http://www.w3.org/TR/xhtml1/strict" xmlns:mx="http://www.loc.gov/MARC21/slim" xmlns:xsi="http://www.w3.org/2001/XMLSchema-instance"><mx:leader>00000nz   2200000n  4500</mx:leader><mx:controlfield tag="001">oca06440141 </mx:controlfield><mx:controlfield tag="005">20040911194124.0</mx:controlfield><mx:controlfield tag="008">040910n| acannaabn          |a aaa     c</mx:controlfield><mx:datafield ind1=" " ind2=" " tag="010"><mx:subfield code="a">no2004087483</mx:subfield></mx:datafield><mx:datafield ind1=" " ind2=" " tag="040"><mx:subfield code="a">MoSU</mx:subfield><mx:subfield code="b">eng</mx:subfield><mx:subfield code="c">MoSU</mx:subfield></mx:datafield><mx:datafield ind1="0" ind2=" " tag="100"><mx:subfield code="a">Phocas,</mx:subfield><mx:subfield code="d">5th cent.</mx:subfield></mx:datafield><mx:datafield ind1="0" ind2=" " tag="400"><mx:subfield code="a">Focas,</mx:subfield><mx:subfield code="c">Grammaticus,</mx:subfield><mx:subfield code="d">5th cent.</mx:subfield></mx:datafield><mx:datafield ind1=" " ind2=" " tag="670"><mx:subfield code="a">Biblioteca apostolica vaticana. Manuscript. Vat. Lat. 1491 [MI] between 1951 and 1959:</mx:subfield><mx:subfield code="b">fol. 49v (Focas Grammaticus)</mx:subfield></mx:datafield><mx:datafield ind1=" " ind2=" " tag="670"><mx:subfield code="a">Oxford classical dict., 1996</mx:subfield><mx:subfield code="b">(Phocas, 5th cent. grammarian)</mx:subfield></mx:datafield><mx:datafield ind1=" " ind2=" " tag="999"><mx:subfield code="a">7.3485</mx:subfield></mx:datafield></mx:record>